@article{karim2023reconfigurable,
  title={Reconfigurable Broadband Metasurface with Switchable Functionalities in the Visible Range},
  author={Karim, Ehsanul and Choudhury, Sajid Muhaimin},
  journal={Optical Materials Express},
  volume={13},
  number={5},
  pages={1409--1423},
  year={2023},
  note={Open Access}
}

@article{himel2023biomimicry,
  title={Biomimicry in Nanotechnology: A Comprehensive Review},
  author={Himel, Mehedi Hasan and Sikder, Bejoy and Ahmed, Tanvir and Choudhury, Sajid Muhaimin},
  journal={NanoScale Advances},
  volume={5},
  pages={595--614},
  year={2023},
  note={Open Access}
}

@article{bhuiyan2022tin,
  title={{TiN-GST-TiN All-Optical Reflection Modulator for 2$\mu$m Waveband Reaching 85\% Efficiency}},
  author={Bhuiyan, Md Asif Hossain and Mitu, Shamima Akter and Choudhury, Sajid Muhaimin},
  journal={Applied Optics},
  volume={61},
  number={31},
  pages={9262--9270},
  year={2022},
  note={ArXiv}
}

@article{roy2022custom,
  title={{Custom Gold-Patterned Rewritable Optical Disc based Plasmonic Sensor for Blood Hemoglobin Detection}},
  author={Roy, Himaddri and Karim, Ehsanul and Mondal, Sujoy and Choudhury, Sajid Muhaimin},
  journal={Optics Continuum},
  volume={1},
  number={10},
  year={2022},
  note={Open Access}
}

@article{abed2021t,
  title={{T Grating on Nano-Cavity Array based Refractive Index Sensor}},
  author={Abed, Yasir Fatha and Bhuiyan, Md Asif Hossain and Choudhury, Sajid Muhaimin},
  journal={J. Opt. Soc. Am. B},
  volume={39},
  number={9},
  year={2021},
  note={ArXiv}
}

@article{hassan2021review,
  title={{A Review on Plasmonic Nano-biosensors for Virus Detection with a Focus on Coronavirus}},
  author={Hassan, Mohammad Muntasir and Sium, Farhan Sadik and Islam, Fariba and Choudhury, Sajid Muhaimin},
  journal={Sensing and Biosensing Research},
  volume={33},
  pages={100429},
  year={2021},
  note={Open Access}
}

@article{sarker2020structurally,
  title={{Structurally Tunable Gear-Shaped Plasmonic Sensor}},
  author={Sarker, Ayon and Mitu, Shamima Akter and Das, Purbayan and Choudhury, Sajid Muhaimin},
  journal={Optics Express},
  volume={28},
  number={24},
  pages={36070--36083},
  year={2020},
  note={Open Access}
}

@article{song2019colors,
  title={{Colors with plasmonic nanostructures: A full-spectrum review}},
  author={Song, Maowen and Wang, Di and Peana, Samuel and Choudhury, Sajid and Nyga, Piotr and Kudyshev, Zhaxylyk A. and Yu, Honglin and Boltasseva, Alexandra and Shalaev, Vladimir M. and Kildishev, Alexander V.},
  journal={Applied Physics Reviews},
  volume={6},
  number={4},
  pages={041308},
  year={2019},
  note={PDF}
}

@article{quevedo2019roadmap,
  title={{Roadmap on metasurfaces}},
  author={Quevedo-Teruel, Oscar and Chen, Hongsheng and Díaz-Rubio, Ana and Gok, Gurkan and Grbic, Anthony and Minatti, Gabriele and Martini, Enrica and Maci, Stefano and Eleftheriades, George V and Chen, Michael and Zheludev, Nikolay I and Papasimakis, Nikitas and Choudhury, Sajid and Kudyshev, Zhaxylyk A and Saha, Soham and Reddy, Harsha and Boltasseva, Alexandra and Shalaev, Vladimir M and Kildishev, Alexander V and Sievenpiper, Daniel and Caloz, Christophe and Al\`u, Andrea and He, Qiong and Zhou, Lei and Valerio, Guido and Rajo-Iglesias, Eva and Sipus, Zvonimir and Mesa, Francisco and Rodríguez-Berral, Raul and Medina, Francisco and Asadchy, Victor and Tretyakov, Sergei and Craeye, Christophe},
  journal={Journal of Optics},
  volume={21},
  number={7},
  pages={073002},
  year={2019},
  note={Open Access}
}

@article{jiang2019enhancing,
  title={{Enhancing sensitivity to ambient refractive index with tunable few-layer graphene/hBN nanoribbons}},
  author={Jiang, Huan and Choudhury, Sajid and Kudyshev, Zhaxylyk A and Wang, Di and Jiang, Yongyuan and Kildishev, Alexander V},
  journal={Photonics Research},
  volume={7},
  number={7},
  pages={815--822},
  year={2019},
  note={Open Access}
}

@article{jiang2019modulating,
  title={{Modulating Phase by Metasurfaces with Gated Ultra-thin TiN Films}},
  author={Jiang, Huan and Reddy, Harsha and Shah, Deesha and Kudyshev, Zhaxylyk A and Choudhury, Sajid and Wang, Di and Jiang, Yongyuan and Kildishev, Alexander V},
  journal={Nanoscale},
  volume={11},
  pages={11167--11172},
  year={2019},
  note={PDF}
}

@article{choudhury2018material,
  title={{Material platforms for optical metasurfaces}},
  author={Choudhury, Sajid M and Wang, Di and Chaudhuri, Krishnakali and DeVault, Clayton and Kildishev, Alexander V and Boltasseva, Alexandra and Shalaev, Vladimir M},
  journal={Nanophotonics},
  volume={7},
  number={6},
  pages={959--987},
  year={2018},
  note={Open Access}
}

@article{zenin2017hybrid,
  title={{Hybrid plasmonic waveguides formed by metal coating of dielectric ridges}},
  author={Zenin, Vladimir A. and Choudhury, Sajid and Saha, Soham and Shalaev, Vladimir M. and Boltasseva, Alexandra and Bozhevolnyi, Sergey I.},
  journal={Optics Express},
  volume={25},
  number={11},
  pages={12295--12302},
  year={2017},
  note={Open Access}
}

@article{choudhury2017pancharatnam,
  title={{Pancharatnam--Berry Phase Manipulating Metasurface for Visible Color Hologram Based on Low Loss Silver Thin Film}},
  author={Choudhury, Sajid and Guler, Urcan and Shaltout, Amr and Shalaev, Vladimir M. and Kildishev, Alexander V. and Boltasseva, Alexandra},
  journal={Advanced Optical Materials},
  volume={5},
  number={13},
  pages={1700196},
  year={2017},
  note={Open Access}
}

@article{kim2016controlling,
  title={{Controlling the Polarization State of Light with Plasmonic Metal Oxide Metasurface}},
  author={Kim, Jongbum and Choudhury, Sajid and DeVault, Clayton and Zhao, Yang and Kildishev, Alexander V and Shalaev, Vladimir M and Al\`u, Andrea and Boltasseva, Alexandra},
  journal={ACS Nano},
  volume={10},
  number={10},
  pages={9326--9333},
  year={2016},
  note={PDF}
}
